<?xml version="1.0" encoding="UTF-8"?><collection xmlns="http://www.loc.gov/MARC21/slim"><record><leader>00423nam--2200145-i-4500</leader><controlfield tag="001">000002273</controlfield><controlfield tag="002">20161230</controlfield><controlfield tag="005">20161230201024</controlfield><controlfield tag="008">060222s1000------------r-----000-0-eng-d</controlfield><datafield ind1=" " ind2=" " tag="080"><subfield code="a">517.43</subfield></datafield><datafield ind1=" " ind2=" " tag="100"><subfield code="a">Greenberg, Michael D</subfield></datafield><datafield ind1=" " ind2=" " tag="245"><subfield code="a">Application of green s functions in science and engineering</subfield></datafield><datafield ind1=" " ind2=" " tag="260"><subfield code="a">ENGLEWOOD CLIFFS, PRENTICE-HALL, INC., 1971. XI + 141p</subfield></datafield><datafield ind1=" " ind2=" " tag="852"><subfield code="a">39420</subfield><subfield code="c">517.9</subfield></datafield><datafield ind1=" " ind2=" " tag="CAT"><subfield code="a">Sys</subfield><subfield code="c">20081015</subfield><subfield code="h">123400</subfield></datafield></record></collection>